
@misc{feynmanCargoCultScience1974,
  title = {Cargo Cult Science. {{Caltech}} Commencement Address.},
  author = {Feynman, Richard},
  year = {1974},
  file = {/Users/storopoli/Zotero/storage/QXDE76Y6/Feynman - 1974 - Cargo cult science. Caltech commencement address.pdf},
  keywords = {★}
}
@article{starkCargocultStatisticsScientific2018,
  title = {Cargo-Cult Statistics and Scientific Crisis},
  author = {Stark, Philip B. and Saltelli, Andrea},
  year = {2018},
  month = aug,
  volume = {15},
  pages = {40--43},
  publisher = {{John Wiley \& Sons, Ltd (10.1111)}},
  issn = {17409705},
  doi = {10.1111/j.1740-9713.2018.01174.x},
  annotation = {22 citations (Semantic Scholar/DOI) [2021-02-13]},
  file = {/Users/storopoli/Zotero/storage/LYJA9MIV/Stark, Saltelli - 2018 - Cargo-cult statistics and scientific crisis.pdf},
  journal = {Significance},
  keywords = {★},
  number = {4}
}
@article{ioannidis2005most,
  title = {Why Most Published Research Findings Are False},
  author = {Ioannidis, John P A},
  year = {2005},
  volume = {2},
  pages = {e124},
  publisher = {{Public Library of Science}},
  file = {/Users/storopoli/Zotero/storage/TDQ7DDYA/Ioannidis - 2005 - Why most published research findings are false.pdf},
  journal = {PLoS medicine},
  number = {8}
}
